<record><leader>00000cas a22000007a 4500</leader><controlfield tag="001">12589784</controlfield><controlfield tag="008">850923d18601864ncuwr ne      0    0eng d</controlfield><datafield ind1=" " ind2=" " tag="010"><subfield code="a">sn 85026790 </subfield></datafield><datafield ind1=" " ind2=" " tag="040"><subfield code="a">NPX</subfield><subfield code="b">eng</subfield><subfield code="c">NPX</subfield><subfield code="d">NPA</subfield><subfield code="d">NVJ</subfield><subfield code="d">HUL</subfield><subfield code="d">NVJ</subfield><subfield code="d">OCL</subfield><subfield code="d">OCLCQ</subfield><subfield code="d">OCLCF</subfield><subfield code="d">OCLCO</subfield><subfield code="d">NDD</subfield></datafield><datafield ind1=" " ind2=" " tag="042"><subfield code="a">msc</subfield></datafield><datafield ind1=" " ind2=" " tag="043"><subfield code="a">n-us-nc</subfield></datafield><datafield ind1="0" ind2=" " tag="130"><subfield code="a">Weekly state journal (Raleigh, N.C. : 1860)</subfield></datafield><datafield ind1="1" ind2="0" tag="245"><subfield code="a">Weekly state journal.</subfield></datafield><datafield ind1=" " ind2=" " tag="260"><subfield code="a">Raleigh, N.C. :</subfield><subfield code="b">John Spelman,</subfield><subfield code="c">1860-</subfield></datafield><datafield ind1=" " ind2=" " tag="300"><subfield code="a">v. ;</subfield><subfield code="c">63 cm.</subfield></datafield><datafield ind1=" " ind2=" " tag="310"><subfield code="a">Weekly</subfield></datafield><datafield ind1="0" ind2=" " tag="362"><subfield code="a">Vol. 1, no. 1 (Nov. 28, 1860)-</subfield></datafield><datafield ind1="1" ind2=" " tag="362"><subfield code="a">Ceased in 1864.</subfield></datafield><datafield ind1=" " ind2=" " tag="588"><subfield code="a">Latest issue consulted: Vol. 1, no. 23 (Apr. 17, 1861).</subfield></datafield><datafield ind1=" " ind2=" " tag="580"><subfield code="a">Semiweekly ed.: State journal (Raleigh, N.C. : 1860 : Semiweekly), 1860-1862.</subfield></datafield><datafield ind1=" " ind2=" " tag="580"><subfield code="a">Daily eds.: State journal (Raleigh, N.C. : 1862 : Daily), 1862, and: Daily state journal (Raleigh, N.C.), 1862-1864.</subfield></datafield><datafield ind1=" " ind2="0" tag="651"><subfield code="a">Raleigh (N.C.)</subfield><subfield code="v">Newspapers.</subfield></datafield><datafield ind1=" " ind2="7" tag="651"><subfield code="a">North Carolina</subfield><subfield code="z">Raleigh.</subfield><subfield code="2">fast</subfield><subfield code="0">(OCoLC)fst01206341</subfield></datafield><datafield ind1=" " ind2="7" tag="655"><subfield code="a">Newspapers.</subfield><subfield code="2">fast</subfield><subfield code="0">(OCoLC)fst01423814</subfield></datafield><datafield ind1=" " ind2=" " tag="752"><subfield code="a">United States</subfield><subfield code="b">North Carolina</subfield><subfield code="c">Wake</subfield><subfield code="d">Raleigh.</subfield></datafield><datafield ind1="1" ind2=" " tag="775"><subfield code="t">State journal (Raleigh, N.C. : 1860 : Semiweekly)</subfield><subfield code="w">(DLC)sn 83025820</subfield><subfield code="w">(OCoLC)9821542</subfield></datafield><datafield ind1="1" ind2=" " tag="775"><subfield code="t">State journal (Raleigh, N.C. : 1862 : Daily)</subfield><subfield code="w">(DLC)sn 86077255</subfield><subfield code="w">(OCoLC)14287333</subfield></datafield><datafield ind1="1" ind2=" " tag="775"><subfield code="t">Daily state journal (Raleigh, N.C. : 1862)</subfield><subfield code="w">(DLC)sn 84020754</subfield><subfield code="w">(OCoLC)11507068</subfield></datafield><datafield ind1="0" ind2="0" tag="780"><subfield code="t">Democratic press (Raleigh, N.C. : Weekly)</subfield><subfield code="w">(DLC)sn 92072960</subfield><subfield code="w">(OCoLC)18590608</subfield></datafield><datafield ind1=" " ind2=" " tag="850"><subfield code="a">MH</subfield></datafield><datafield ind1="1" ind2=" " tag="029"><subfield code="a">AU@</subfield><subfield code="b">000020234020</subfield></datafield></record>